@inproceedings{marru2011apache,
  title={Apache airavata: a framework for distributed applications and computational workflows},
  author={Marru, Suresh and Gunathilake, Lahiru and Herath, Chathura and Tangchaisin, Patanachai and Pierce, Marlon and Mattmann, Chris and Singh, Raminder and Gunarathne, Thilina and Chinthaka, Eran and Gardler, Ross and others},
  booktitle={Proceedings of the 2011 ACM workshop on Gateway computing environments},
  pages={21--28},
  year={2011},
  organization={ACM}
}

@article{zaharia2010spark,
  title={Spark: Cluster Computing with Working Sets.},
  author={Zaharia, Matei and Chowdhury, Mosharaf and Franklin, Michael J and Shenker, Scott and Stoica, Ion},
  journal={HotCloud},
  volume={10},
  number={10-10},
  pages={95},
  year={2010}
}

@inproceedings{marru2015apache,
  title={Apache Airavata as a laboratory: architecture and case study for component-based gateway middleware},
  author={Marru, Suresh and Pierce, Marlon and Pamidighantam, Sudhakar and Wimalasena, Chathuri},
  booktitle={Proceedings of the 1st Workshop on The Science of Cyberinfrastructure: Research, Experience, Applications and Models},
  pages={19--26},
  year={2015},
  organization={ACM}
}

@article{pierce2015apache,
  title={Apache Airavata: design and directions of a science gateway framework},
  author={Pierce, Marlon E and Marru, Suresh and Gunathilake, Lahiru and Wijeratne, Don Kushan and Singh, Raminder and Wimalasena, Chathuri and Ratnayaka, Shameera and Pamidighantam, Sudhakar},
  journal={Concurrency and Computation: Practice and Experience},
  volume={27},
  number={16},
  pages={4282--4291},
  year={2015},
  publisher={Wiley Online Library}
}

@inproceedings{perera2008workflow,
  title={Workflow infrastructure for multi-scale science gateways},
  author={Perera, Srinath and Marru, Suresh and Herath, Chathura},
  booktitle={TeraGrid Conference},
  year={2008}
}

@article{casavant1988taxonomy,
  title={A taxonomy of scheduling in general-purpose distributed computing systems},
  author={Casavant, Thomas L. and Kuhl, Jon G.},
  journal={IEEE Transactions on software engineering},
  volume={14},
  number={2},
  pages={141--154},
  year={1988},
  publisher={IEEE}
}

@inproceedings{burns2016design,
  title={Design patterns for container-based distributed systems},
  author={Burns, Brendan and Oppenheimer, David},
  booktitle={8th USENIX Workshop on Hot Topics in Cloud Computing (HotCloud 16)},
  year={2016},
  organization={USENIX Association}
}

@inproceedings{tannenbaum2001condor,
  title={Condor: a distributed job scheduler},
  author={Tannenbaum, Todd and Wright, Derek and Miller, Karen and Livny, Miron},
  booktitle={Beowulf cluster computing with Linux},
  pages={307--350},
  year={2001},
  organization={MIT press}
}

@techreport{coleman2003distributed,
  title={Distributed policy management and comprehension with classified advertisements},
  author={Coleman, Nicholas and Raman, Rajesh and Livny, Miron and Solomon, Marvin},
  year={2003},
  institution={Technical Report UW-CS-TR-1481, University of Wisconsin-Madison Computer Sciences Department}
}

@article{kafka2014high,
  title={A high-throughput, distributed messaging system},
  author={Kafka, Apache},
  journal={URL: kafka. apache. org as of},
  volume={5},
  number={1},
  year={2014}
}

@article{coleman2001implementation,
  title={An implementation of matchmaking analysis in condor},
  author={Coleman, Nicholas},
  journal={Masters' Project report, University of Wisconsin, Madison},
  year={2001}
}

@article{kermarrec2007gossiping,
  title={Gossiping in distributed systems},
  author={Kermarrec, Anne-Marie and Van Steen, Maarten},
  journal={ACM SIGOPS Operating Systems Review},
  volume={41},
  number={5},
  pages={2--7},
  year={2007},
  publisher={ACM}
}

@article{thain2005distributed,
  title={Distributed computing in practice: the Condor experience},
  author={Thain, Douglas and Tannenbaum, Todd and Livny, Miron},
  journal={Concurrency and computation: practice and experience},
  volume={17},
  number={2-4},
  pages={323--356},
  year={2005},
  publisher={Wiley Online Library}
}

@inproceedings{sadooghi2014achieving,
  title={Achieving efficient distributed scheduling with message queues in the cloud for many-task computing and high-performance computing},
  author={Sadooghi, Iman and Palur, Sandeep and Anthony, Ajay and Kapur, Isha and Belagodu, Karthik and Purandare, Pankaj and Ramamurty, Kiran and Wang, Ke and Raicu, Ioan},
  booktitle={Cluster, Cloud and Grid Computing (CCGrid), 2014 14th IEEE/ACM International Symposium on},
  pages={404--413},
  year={2014},
  organization={IEEE}
}

@misc{apacheMesos,
??title={Apache Mesos},
??howpublished = {http://mesos.apache.org},
??note = {Accessed: 2017-03-13},
??year = {2017}
}

@misc{apacheAurora,
??title={Apache Aurora},
??howpublished = {http://aurora.apache.org},
??note = {Accessed: 2017-03-13},
??year = {2017}
}

@misc{akka,
??title={Akka},
??howpublished = {http://akka.io},
??note = {Accessed: 2017-03-13},
??year = {2017}
}

@misc{rabbitMQ,
??title={RabbitMQ},
??howpublished = {https://www.rabbitmq.com/},
??note = {Accessed: 2017-03-13},
??year = {2017}
}

@article{hey2005cyberinfrastructure,
  title={Cyberinfrastructure for e-Science},
  author={Hey, Tony and Trefethen, Anne E},
  journal={Science},
  volume={308},
  number={5723},
  pages={817--821},
  year={2005},
  publisher={American Association for the Advancement of Science}
}

@book{gamma1995design,
  title={Design patterns: elements of reusable object-oriented software},
  author={Gamma, Erich},
  year={1995},
  publisher={Pearson Education India}
}

@article{kacsuk2012ws,
title={WS-PGRADE/gUSE generic DCI gateway framework for a large variety of user communities},
author={Kacsuk, Peter and Farkas, Zoltan and Kozlovszky, Miklos and Hermann, Gabor and Balasko, Akos and Karoczkai, Krisztian and Marton, Istvan},
journal={Journal of Grid Computing},
pages={1--30},
year={2012},
publisher={Springer}
}

@inproceedings{marzolla2007open,
title={Open standards-based interoperability of job submission and management interfaces across the grid middleware platforms glite and unicore},
author={Marzolla, Moreno and Andreetto, Paolo and Venturi, Valerio and Ferraro, Andrea and Memon, Shiraz and Twedell, B and Riedel, M and Mallmann, D and Streit, A and Van De Berghe, S and others},
booktitle={e-Science and Grid Computing, IEEE International Conference on},
pages={592--601},
year={2007},
organization={IEEE}
}

@inproceedings{pierce2014apache,
title={The apache airavata application programming interface: overview and evaluation with the UltraScan science gateway},
author={Pierce, Marlon and Marru, Suresh and Demeler, Borries and Singh, Raminderjeet and Gorbet, Gary},
booktitle={Proceedings of the 9th Gateway Computing Environments Workshop},
pages={25--29},
year={2014},
organization={IEEE Press}
}

@book{taylor2014workflows,
title={Workflows for e-Science: scientific workflows for grids},
author={Taylor, Ian J and Deelman, Ewa and Gannon, Dennis B and Shields, Matthew},
year={2014},
publisher={Springer Publishing Company, Incorporated}
}

@inproceedings{hunt2010zookeeper,
  title={ZooKeeper: Wait-free Coordination for Internet-scale Systems.},
  author={Hunt, Patrick and Konar, Mahadev and Junqueira, Flavio Paiva and Reed, Benjamin},
  booktitle={USENIX annual technical conference},
  volume={8},
  pages={9},
  year={2010}
}

@article{vargo2016consul,
  title={Consul as a Monitoring Solution},
  author={Vargo, Seth},
  year={2016},
  publisher={USENIX Association}
}
